<?xml version="1.0" encoding="UTF-8"?><record xmlns="http://www.loc.gov/MARC21/slim" xmlns:cinclude="http://apache.org/cocoon/include/1.0" xmlns:zs="http://www.loc.gov/zing/srw/">
  <leader>00510nz  a2200133n  4500</leader>
  <controlfield tag="001">n 2005203610</controlfield>
  <controlfield tag="003">DLC</controlfield>
  <controlfield tag="005">20050503121045.0</controlfield>
  <controlfield tag="008">050503n| acannaabn          |a aaa      </controlfield>
  <datafield tag="010" ind1=" " ind2=" ">
    <subfield code="a">n 2005203610</subfield>
  </datafield>
  <datafield tag="040" ind1=" " ind2=" ">
    <subfield code="a">DLC</subfield>
    <subfield code="b">eng</subfield>
    <subfield code="c">DLC</subfield>
  </datafield>
  <datafield tag="100" ind1="1" ind2=" ">
    <subfield code="a">Batista, Nildo Alves</subfield>
  </datafield>
  <datafield tag="400" ind1="1" ind2=" ">
    <subfield code="a">Alves Batista, Nildo</subfield>
  </datafield>
  <datafield tag="670" ind1=" " ind2=" ">
    <subfield code="a">DoceĚncia em sauĚde, c2003:</subfield>
    <subfield code="b">t.p. (Nildo Alves Batista) t.p. verso (copr.: Nildo Aldo Batista) p. 283 (Nildo Alves Batista; doutor em medicina pela USP; professor adjunto da Unifesp; diretor do Cedess/Unifesp)</subfield>
  </datafield>
</record>